@article{franccoisuniversites,
	title={LES UNIVERSIT{\'E}S NUM{\'E}RIQUES ET PROMOTION DE L’EMPLOYABILIT{\'E} EN AFRIQUE: CAS DE L’UNIVERSIT{\'E} VIRTUELLE DE C{\^O}TE D’IVOIRE (UVCI)},
	author={Fran{\c{c}}ois, DOFFOU N’Cho}
}

@book{n2015employabilite,
	title={Employabilit{\'e} des jeunes en C{\^o}te d'Ivoire},
	author={N'Gratier, Antoine},
	year={2015},
	publisher={{\'E}ditions universitaires europ{\'e}ennes}
}

@inproceedings{simeon2018jeunes,
	title={Les Jeunes Face au D{\'e}fi De L’emploi {\`A} Bouak{\'e}},
	author={Sim{\'e}on, Akmel Meless},
	booktitle={13th INTERNATIONAL SCIENTIFIC FORUM, ISF 2018},
	pages={12-26},
}

@article{n2015analyse,
	title={Analyse des d{\'e}terminants de l’intensit{\'e} de la recherche d’emploi en C{\^o}te d’Ivoire},
	author={N’Guessan, Coffie Francis-Jos{\'e}},
	journal={L'Actualit{\'e} {\'e}conomique},
	volume={91},
	number={3},
	pages={339--366},
	year={2015},
	publisher={{\'E}rudit}
}

@misc{wiki_ethnie,
	title = {Ethnie - Wikipédia},
	howpublished = {\url{https://fr.wikipedia.org/wiki/Ethnie\#:\textasciitilde:text=Une\%20ethnie\%20ou\%20un\%20groupe,d'un\%20mode\%20de\%20vie\%E2\%80\%A6}},
	note = {Consulté le 23 février 2024}
}

@misc{focac,
	title = {Forum sur la coopération sino-africaine},
	howpublished = {\url{http://www.focac.org/fra/ltjj_4/ltffcy/ktdw/}},
	note = {Consulté le 23 février 2024}
}
