@article{romer1990endogenous,
	title={Endogenous Technological Change},
	author={Romer, Paul M.},
	journal={Journal of Political Economy},
	volume={98},
	number={5},
	pages={S71-S102},
	year={1990}
}
@book{schumpeter1942economics,
	title={Capitalism, Socialism and Democracy},
	author={Schumpeter, Joseph Alois},
	year={1942},
	publisher={Routledge},
	address={London}
}
@book{schumpeter1911,
	author    = {Schumpeter, Joseph Alois},
	title     = {The Theory of Economic Development: An Inquiry into Profits, Capital, Credit, Interest, and the Business Cycle},
	year      = {1911},
	publisher = {Transaction Publishers},
	address   = {New Brunswick, NJ},
	note      = {Originally published in German as \textit{Theorie der wirtschaftlichen Entwicklung}}
}
